# Libros
@book{maclane2012homology,
	title={Homology},
	author={MacLane, Saunders},
	year={2012},
	publisher={Springer Science \& Business Media}
}

@book{lee2010introduction,
	title={Introduction to topological manifolds},
	author={Lee, John},
	volume={202},
	year={2010},
	publisher={Springer Science \& Business Media}
}

@book{mac2013categories,
	title={Categories for the working mathematician},
	author={Mac Lane, Saunders},
	volume={5},
	year={2013},
	publisher={Springer Science \& Business Media}
}

@book{dummit2004abstract,
	title={Abstract algebra},
	author={Dummit, David Steven and Foote, Richard M},
	volume={3},
	year={2004},
	publisher={Wiley Hoboken}
}

@article{eilenberg1945general,
	title={General theory of natural equivalences},
	author={Eilenberg, Samuel and MacLane, Saunders},
	journal={Transactions of the American Mathematical Society},
	volume={58},
	pages={231--294},
	year={1945}
}
@book{munkres2018elements,
	title={Elements of algebraic topology},
	author={Munkres, James R},
	year={2018},
	publisher={CRC press}
}